@article{Logjam,
  title={Imperfect Forward Secrecy: How {D}iffie-{H}ellman Fails in Practice},
  author={Adrian, David and Bhargavan, Karthikeyan and Durumeric, Zakir and Gaudry, Pierrick and Green, Matthew and Halderman, J Alex and Heninger, Nadia and Springall, Drew and Thom{\'e}, Emmanuel and Valenta, Luke and others}
}

@techreport{AlawatugodaBoydmodkeyleakage,
  title={Modelling after-the-fact leakage for key exchange (full version)},
  author={Alawatugoda, Janaka and Stebila, Douglas and Boyd, Colin},
  year={2014},
  institution={IACR Cryptology ePrint Archive, Report 2014/131}
}

@article{AlawatugodaBoydStebilLaleakageResilentProofError,  title={Continuous After-the-fact Leakage-Resilient Key Exchange (full version).},
  author={Alawatugoda, Janaka and Boyd, Colin and Stebila, Douglas},
  journal={IACR Cryptology ePrint Archive},
  volume={2014},
  pages={264},
  year={2014}
}

@incollection{Alwen2009leakage,
  title={Leakage-resilient public-key cryptography in the bounded-retrieval model},
  author={Alwen, Jo{\"e}l and Dodis, Yevgeniy and Wichs, Daniel},
  booktitle={Advances in Cryptology-CRYPTO 2009},
  pages={36--54},
  year={2009},
  publisher={Springer}
}

@article{BEASTduong2011,
  title={{Here come the XOR Ninjas}},
  author={Duong, Thai and Rizzo, Juliano},
  journal={White paper, Netifera},
  year={2011}
}

@inproceedings{BellareCK1996,
  title={Keyed Hash Functions and Message Authentication},
  author={Bellare, Mihir and Canetti, Ran and Krawczyk, Hugo},
  booktitle={Proceedings of Crypto'96},
  pages={1-15},
  year={1996},
  organization={Springer}
}


@inproceedings{BellareRogaway1994,
  title={Entity authentication and key distribution},
  author={Bellare, Mihir and Rogaway, Phillip},
  booktitle={Advances in Cryptology, CRYPTO 93},
  pages={232--249},
  year={1994},
  organization={Springer}
}

@inproceedings{Bellarethree1995,
  title={Provably secure session key distribution: the three party case},
  author={Bellare, Mihir and Rogaway, Phillip},
  booktitle={Proceedings of the twenty-seventh annual ACM symposium on Theory of computing},
  pages={57--66},
  year={1995},
  organization={ACM}
}

@inproceedings{BellareRandomOracleModel,
  title={Random oracles are practical: A paradigm for designing efficient protocols},
  author={Bellare, Mihir and Rogaway, Phillip},
  booktitle={Proceedings of the 1st ACM conference on Computer and communications security},
  pages={62--73},
  year={1993},
  organization={ACM}
}

@inproceedings{BellareUninstantiable,
  title={An uninstantiable random-oracle-model scheme for a hybrid-encryption problem},
  author={Bellare, Mihir and Boldyreva, Alexandra and Palacio, Adriana},
  booktitle={Advances in Cryptology-EUROCRYPT 2004},
  pages={171--188},
  year={2004},
  organization={Springer}
}

@techreport{Bhargavan2016downgrade,
  title={Downgrade resilience in key-exchange protocols},
  author={Bhargavan, Karthikeyan and Brzuska, Christina and Fournet, C{\'e}dric and Green, Matthew and Kohlweiss, Markulf and Zanella-B{\'e}guelin, Santiago},
  year={2016},
  institution={Cryptology ePrint Archive, Report 2016/072, 2016. https://eprint. iacr. org/2016/072. 4}
}

@book{BlacewilsonBJM1997,
  title={Key agreement protocols and their security analysis},
  author={Blake-Wilson, Simon and Johnson, Don and Menezes, Alfred},
  year={1997},
  publisher={Springer}
}

@inproceedings{Blanchet2011second,
  title={A second look at {S}houp`s lemma},
  author={Blanchet, Bruno},
  booktitle={Workshop on Formal and Computational Cryptography (FCC 2011), Paris, France},
  year={2011}
}

@inproceedings{Blake1999unknown,
  title={Unknown key-share attacks on the station-to-station (STS) protocol},
  author={Blake-Wilson, Simon and Menezes, Alfred},
  booktitle={Public Key Cryptography},
  pages={154--170},
  year={1999},
  organization={Springer}
}

@inproceedings{BleichenbacherRSA,
  title={{Chosen ciphertext attacks against protocols based on the RSA encryption standard PKCS \#1}},
  author={Bleichenbacher, Daniel},
  booktitle={Advances in Cryptology—CRYPTO'98},
  pages={1--12},
  year={1998},
  organization={Springer}
}

@article{BREACHluck2013breach,
  title={{BREACH: Reviving the CRIME attack}},
  author={Gluck, Yoel and Harris, Neal and Prado, Angelo},
  journal={Online at \url{http://breachattack.com/resources/BREACH%20-%20SSL,%20gone%20in%2030%20seconds.pdf}},
  year={2013}
}

@book{BoydMathuriabook,
  title={Protocols for authentication and key establishment},
  author={Boyd, Colin and Mathuria, Anish},
  year={2013},
  publisher={Springer Science \& Business Media}
}

@incollection{Boyd2011forward,
  title={On forward secrecy in one-round key exchange},
  author={Boyd, Colin and Nieto, Juan Gonz{\'a}lez},
  booktitle={Cryptography and coding},
  pages={451--468},
  year={2011},
  publisher={Springer}
}

@incollection{BoydCascertauthor2013,
  title={{ASICS: Authenticated key exchange security incorporating certification systems}},
  author={Boyd, Colin and Cremers, Cas and Feltz, Michele and Paterson, Kenneth G and Poettering, Bertram and Stebila, Douglas},
  booktitle={Computer Security--ESORICS 2013},
  pages={381--399},
  year={2013},
  publisher={Springer}
}

@inproceedings{Boyd2008efficient,
  title={Efficient one-round key exchange in the standard model},
  author={Boyd, Colin and Cliff, Yvonne and Nieto, Juan Gonzalez and Paterson, Kenneth G},
  booktitle={Information Security and Privacy},
  pages={69--83},
  year={2008},
  organization={Springer}
}

@misc{CAfiascoTurktrust2013,
  title={{The TURKTRUST SSL certificate fiasco\textemdash what really happened, and what happens next?}},
  author={Ducklin, Paul},
  year={2013},
  publisher={Sophos}
}

@misc{CAfoxDiginotar,
  title={{Black Tulip: Report of the investigation into the DigiNotar Certificate Authority breach (2012)}},
  author={FOX, IT}
}

@misc{CAforumEVSSLwebsite,
  title = {{Certificate Authority Browser Forum EV} guidelines},
  howpublished = {\url{https://cabforum.org/about-ev-ssl/}},
}

@incollection{CanettiCK2001,
  title={Analysis of key-exchange protocols and their use for building secure channels},
  author={Canetti, Ran and Krawczyk, Hugo},
  booktitle={Advances in Cryptology— EUROCRYPT 2001},
  pages={453--474},
  year={2001},
  publisher={Springer}
}

@inproceedings{CanettiUCframework2001,
  title={Universally composable security: A new paradigm for cryptographic protocols},
  author={Canetti, Ran},
  booktitle={Foundations of Computer Science, 2001. Proceedings. 42nd IEEE Symposium on},
  pages={136--145},
  year={2001},
  organization={IEEE}
}

@article{CanettiROMrevisited2004,
  title={The random oracle methodology, revisited},
  author={Canetti, Ran and Goldreich, Oded and Halevi, Shai},
  journal={Journal of the ACM (JACM)},
  volume={51},
  number={4},
  pages={557--594},
  year={2004},
  publisher={ACM}
}

@article{Casformally2009,
  title={Formally and Practically Relating the {CK}, {CK-HMQV}, and e{CK} Security Models for Authenticated Key Exchange.},
  author={Cremers, Cas},
  journal={IACR Cryptology ePrint Archive},
  volume={2009},
  pages={253},
  year={2009}
}

@inproceedings{Cassession2009,
  title={Session-state reveal is stronger than ephemeral key reveal: Attacking the {NAXOS} authenticated key exchange protocol},
  author={Cremers, Cas},
  booktitle={Applied Cryptography and Network Security},
  pages={20--33},
  year={2009},
  organization={Springer}
}

@inproceedings{Casexamining2011,  title={Examining indistinguishability-based security models for key exchange protocols: the case of {CK}, {CK-HMQV}, and e{CK}},
  author={Cremers, Cas},
  booktitle={Proceedings of the 6th ACM Symposium on Information, Computer and Communications Security},
  pages={80--91},
  year={2011},
  organization={ACM}
}

@article{Casoneround2011,
  title={One-round strongly secure key exchange with perfect forward secrecy and deniability},
  author={Cremers, Cas and Feltz, Michele},
  journal={IACR Cryptology ePrint Archive},
  volume={2011},
  pages={300},
  year={2011}
}

@incollection{Casbeyond2012,
  title={Beyond e{CK}: perfect forward secrecy under actor compromise and ephemeral-key reveal},
  author={Cremers, Cas and Feltz, Michele},
  booktitle={Computer Security--ESORICS 2012},
  pages={734--751},
  year={2012},
  publisher={Springer}
}

@techreport{Casbadrandomness2014,
  title={On the limits of authenticated key exchange security with an application to bad randomness},
  author={Cremers, Cas and Feltz, Mich{\`e}le},
  year={2014},
  institution={Cryptology ePrint Archive, Report 2014/369}
}

@inproceedings{Cohn2016post,
  title={{On Post-Compromise Security}},
  author={Cohn-Gordon, Katriel and Cremers, Cas and Garratt, Luke},
  booktitle={29th Computer Security Foundations Symposium (CSF)},
  year={2016},
  organization={IEEE}
} 

@book{Chow2007strongly,
  title={Strongly-secure identity-based key agreement and anonymous extension},
  author={Chow, Sherman SM and Choo, Kim-Kwang Raymond},
  year={2007},
  publisher={Springer}
}
 
@article{CocksNSE1973,
  title={A note on ‘non-secret encryption’},
  author={Cocks, Clifford C},
  journal={CESG Memo},
  year={1973}
}

@inproceedings{CRIMErizzo2012,
  title={The {CRIME} attack},
  author={Rizzo, Juliano and Duong, Thai},
  booktitle={EKOparty Security Conference},
  volume={2012},
  year={2012}
}

@article{CryptoverifBlanchet,
  title={A computationally sound mechanized prover for security protocols},
  author={Blanchet, Bruno},
  journal={Dependable and Secure Computing, IEEE Transactions on},
  volume={5},
  number={4},
  pages={193--207},
  year={2008},
  publisher={IEEE}
}

@article{CVEguide,
  title={{CVSS} Implementation Guidance},
  author={Franklin, Joshua and Wergin, Charles and Booth, Harold},
  journal={National Institute of Standards and Technology, NISTIR-7946},
  year={2014}
}

@misc{CVEwebsite,
  title = {{Common Vulneriblities and Exposures (CVE)} website},
  howpublished = {\url{https://cve.mitre.org/}},
}

@inproceedings{mell2007complete,
  title={A complete guide to the common vulnerability scoring system version 2.0},
  author={Mell, Peter and Scarfone, Karen and Romanosky, Sasha},
  booktitle={Published by FIRST-Forum of Incident Response and Security Teams},
  pages={1--23},
  year={2007}
}

@misc{NVDwebsite,
  title = {{National Vulneriblity Database (NVD)} website},
  howpublished = {\url{https://nvd.nist.gov/}},
}

@misc{DebianRNGflaw,
  title={{Exploiting DSA-1571: How to break PFS in SSL with EDH, July 2008}},
  author={Abeni, Paolo and Bello, Luciano and Bertacchini, Maximiliano}
}

@inproceedings{DebianRNGflawTLSDHE,
  title={{When private keys are public: results from the 2008 Debian OpenSSL vulnerability}},
  author={Yilek, Scott and Rescorla, Eric and Shacham, Hovav and Enright, Brandon and Savage, Stefan},
  booktitle={Proceedings of the 9th ACM SIGCOMM conference on Internet measurement conference},
  pages={15--27},
  year={2009},
  organization={ACM}
}

@article{Dentgamehop2006,
  title={A Note On Game-Hopping Proofs.},
  author={Dent, Alexander W},
  journal={IACR Cryptology ePrint Archive},
  volume={2006},
  pages={260},
  year={2006},
  publisher={Citeseer}
}

@article{Diffie1976new,
  title={New directions in cryptography},
  author={Diffie, Whitfield and Hellman, Martin E},
  journal={Information Theory, IEEE Transactions on},
  volume={22},
  number={6},
  pages={644--654},
  year={1976},
  publisher={IEEE}
}

@article{DiffieSTS,
  title={Authentication and authenticated key exchanges},
  author={Diffie, Whitfield and Van Oorschot, Paul C and Wiener, Michael J},
  journal={Designs, Codes and cryptography},
  volume={2},
  number={2}, 
  pages={107--125},
  year={1992},
  publisher={Springer}
}

@article{Diffiefirst10years,
  title={The first ten years of public-key cryptography},
  author={Diffie, Whitfield},
  journal={Proceedings of the IEEE},
  volume={76},
  number={5},
  pages={560--577},
  year={1988},
  publisher={IEEE}
}

@inproceedings{Di2006deniable,
  title={Deniable authentication and key exchange},
  author={Di Raimondo, Mario and Gennaro, Rosario and Krawczyk, Hugo},
  booktitle={Proceedings of the 13th ACM conference on Computer and communications security},
  pages={400--409},
  year={2006},
  organization={ACM}
}

@inproceedings{DisecureOTR,
  title={Secure off-the-record messaging},
  author={Di Raimondo, Mario and Gennaro, Rosario and Krawczyk, Hugo},
  booktitle={Proceedings of the 2005 ACM workshop on Privacy in the electronic society},
  pages={81--89},
  year={2005},
  organization={ACM}
}

@incollection{Dodis2010efficient,
  title={Efficient public-key cryptography in the presence of key leakage},
  author={Dodis, Yevgeniy and Haralambiev, Kristiyan and L{\'o}pez-Alt, Adriana and Wichs, Daniel},
  booktitle={Advances in Cryptology-ASIACRYPT 2010},
  pages={613--631},
  year={2010},
  publisher={Springer}
}

@article{DolevYaomodel1983,
  title={On the security of public key protocols},
  author={Dolev, Danny and Yao, Andrew C},
  journal={Information Theory, IEEE Transactions on},
  volume={29},
  number={2},
  pages={198--208},
  year={1983},
  publisher={IEEE}
}

@techreport{DualECstandardisedbackdoor,
  title={{Dual EC: A Standardized Back Door}},
  author={Bernstein, Daniel J and Lange, Tanja and Niederhagen, Ruben},
  year={2015},
  institution={Cryptology ePrint Archive, Report 2015/767}
}

@incollection{DziembowskiLeakageInnerProductExtractor,
  title={Leakage-resilient cryptography from the inner-product extractor},
  author={Dziembowski, Stefan and Faust, Sebastian},
  booktitle={Advances in Cryptology--ASIACRYPT 2011},
  pages={702--721},
  year={2011},
  publisher={Springer}
}

@inproceedings{Elgamal1985public,
  title={A public key cryptosystem and a signature scheme based on discrete logarithms},
  author={ElGamal, Taher},
  booktitle={Advances in Cryptology},
  pages={10--18},
  year={1985},
  organization={Springer}
}

@inproceedings{EllispossibilityofNSE1970,
  title={The possibility of non-secret encryption},
  author={Ellis, James H},
  booktitle={British Communications-Electronics Security Group (CESG},
  year={1970},
  organization={Citeseer}
}

@article{Ellishistory1999,
  title={The history of non-secret encryption},
  author={Ellis, James H},
  journal={Cryptologia},
  volume={23},
  number={3},
  pages={267--273},
  year={1999},
  publisher={Taylor \& Francis}
}

@incollection{Easycrypttutorial,
  title={{EasyCrypt: A tutorial}},
  author={Barthe, Gilles and Dupressoir, Fran{\c{c}}ois and Gr{\'e}goire, Benjamin and Kunz, C{\'e}sar and Schmidt, Benedikt and Strub, Pierre-Yves},
  booktitle={Foundations of Security Analysis and Design VII},
  pages={146--166},
  year={2014},
  publisher={Springer}
}

@inproceedings{Fischlinmultistage,
  title={{Multi-stage key exchange and the case of Google's QUIC protocol}},
  author={Fischlin, Marc and G{\"u}nther, Felix},
  booktitle={Proceedings of the 2014 ACM SIGSAC Conference on Computer and Communications Security},
  pages={1193--1204},
  year={2014},
  organization={ACM}
}


@inproceedings{GennaroOkamotoRevisied,
  title={{Okamoto-Tanaka revisited: Fully authenticated Diffie-Hellman with minimal overhead}},
  author={Gennaro, Rosario and Krawczyk, Hugo and Rabin, Tal},
  booktitle={Applied Cryptography and Network Security},
  pages={309--328},
  year={2010},
  organization={Springer}
}

@article{Goldwasser1984probabilistic,
  title={Probabilistic encryption},
  author={Goldwasser, Shafi and Micali, Silvio},
  journal={Journal of computer and system sciences},
  volume={28},
  number={2},
  pages={270--299},
  year={1984},
  publisher={Elsevier}
}

@article{Goldwasserpositionpaper,
  title={Cryptographic Assumptions: A Position Paper},
  author={Goldwasser, Shafi and Kalai, Yael Tauman},
  journal={IACR Cryptology ePrint Archive},
  volume={2015},
  pages={907},
  year={2015}
}

@article{GoldreichPost2006,
  title={{On post-modern cryptography}},
  author={Goldreich, Oded},
  journal={IACR Cryptology ePrint Archive},
  volume={2006},
  pages={561},
  year={2006}
}

@article{Harkins2002design,
  title={Design rationale for {IKE}v2},
  author={Harkins, Dan and Kaufman, Charlie and Kivinen, Tero and Kent, Stephen and Perlman, Radia},
  journal={IETF WG draft (draft-ietf-ipsec-ikev2-rationale-00. txt)},
  year={2002}
}

@article{Heartbleed330k2monthslater,
  title={{300k vulnerable to Heartbleed two months later}},
  author={Graham, Robert},
  journal={Errata Security—Advanced persistent cybersecurity},
  year={2014}
}

@misc{Heartbleedwebsite,
  title = {{H}eartbleed website},
  howpublished = {\url{www.heartbleed.com}},
}

@article{Heartbleedbloombergnsa,
  title={{NSA} said to exploit {H}eartbleed bug for intelligence for years},
  author={Riley, Michael},
  journal={Bloomberg News, April},
  volume={12},
  year={2014}
}

@article{Heartbleedschneier,
  title={Heartbleed},
  author={Schneier, Bruce},
  journal={Schneier on Security},
  volume={9},
  year={2014}
}

@article{Heartbleedwallkstreetjournal,
  title={After {H}eartbleed bug, a race to plug Internet hole},
  author={Yadron, Danny},
  journal={Wall Street J},
  year={2014}
}

@inproceedings{Heartbleeddurumeric2014matter,
  title={{The matter of Heartbleed}},
  author={Durumeric, Zakir and Kasten, James and Adrian, David and Halderman, J Alex and Bailey, Michael and Li, Frank and Weaver, Nicolas and Amann, Johanna and Beekman, Jethro and Payer, Mathias and others},
  booktitle={Proceedings of the 2014 Conference on Internet Measurement Conference},
  pages={475--488},
  year={2014},
  organization={ACM}
}

@article{Hofheinz2013gnuc,
  title={{GNUC: A new universal composability framework}},
  author={Hofheinz, Dennis and Shoup, Victor},
  journal={Journal of Cryptology},
  pages={1--86},
  year={2013},
  publisher={Springer}
}

@article{Huang2012eck,
  title={An eCK-secure one round authenticated key exchange protocol with perfect forward security},
  author={Huang, Hai},
  journal={J Internet Serv Inf Secur},
  volume={1},
  number={2/3},
  pages={32--43},
  year={2012}
}

@incollection{JagerTLSDHE2012,
  title={On the security of {TLS-DHE} in the standard model},
  author={Jager, Tibor and Kohlar, Florian and Sch{\"a}ge, Sven and Schwenk, J{\"o}rg},
  booktitle={Advances in Cryptology, CRYPTO 2012},
  pages={273--293},
  year={2012},
  publisher={Springer}
}


@incollection{Kimstrongly2009,
  title={Strongly secure authenticated key exchange without {NAXOS}’' approach},
  author={Kim, Minkyu and Fujioka, Atsushi and Ustao{\u{g}}lu, Berkant},
  booktitle={Advances in Information and Computer Security},
  pages={174--191},
  year={2009},
  publisher={Springer}
}

@incollection{Krawczyksigma2003,
  title={{SIGMA}: The ‘{SIG}n-and-{MA}c’approach to authenticated {D}iffie-{H}ellman and its use in the {IKE} protocols},
  author={Krawczyk, Hugo},
  booktitle={Advances in Cryptology, CRYPTO 2003},
  pages={400--425},
  year={2003},
  publisher={Springer}
}

@inproceedings{krawczyk2010cryptographic,
  title={{Cryptographic extraction and key derivation: The HKDF scheme}},
  author={Krawczyk, Hugo},
  booktitle={Annual Cryptology Conference},
  pages={631--648},
  year={2010},
  organization={Springer}
}

@inproceedings{KrawczykHMQV2005,
  title={{HMQV}: A high-performance secure {D}iffie-{H}ellman protocol},
  author={Krawczyk, Hugo},
  booktitle={Advances in Cryptology, CRYPTO 2005},
  pages={546--566},
  year={2005},
  organization={Springer}
}

@incollection{KrawczykPattWeeTLS2003,
  title={On the security of the {TLS} protocol: {A} systematic analysis},
  author={Krawczyk, Hugo and Paterson, Kenneth G and Wee, Hoeteck},
  booktitle={Advances in Cryptology, CRYPTO 2013},
  pages={429--448},
  year={2013},
  publisher={Springer}
}

@article{KoblitzMenezesprovable,
  title={Another look at ``provable security"},
  author={Koblitz, Neal and Menezes, Alfred J},
  journal={Journal of Cryptology},
  volume={20},
  number={1},
  pages={3--37},
  year={2007},
  publisher={Springer}
}

@book{KoblitznotherprovableII,
  title={{Another look at ``provable security''. II}},
  author={Koblitz, Neal and Menezes, Alfred},
  year={2006},
  publisher={Springer}
}

@article{KoblitzAnotherSecurity,
  title={Another Look at Security Definitions.},
  author={Koblitz, Neal and Menezes, Alfred},
  journal={IACR Cryptology ePrint Archive},
  volume={2011},
  pages={343},
  year={2011},
  publisher={Citeseer}
}

@incollection{LaMacchiaeCK2007,
  title={Stronger security of authenticated key exchange},
  author={LaMacchia, Brian and Lauter, Kristin and Mityagin, Anton},
  booktitle={Provable Security},
  pages={1--16},
  year={2007},
  publisher={Springer}
}

@incollection{Lauter2006security,
  title={{Security analysis of KEA authenticated key exchange protocol}},
  author={Lauter, Kristin and Mityagin, Anton},
  booktitle={Public Key Cryptography-PKC 2006},
  pages={378--394},
  year={2006},
  publisher={Springer}
}

@article{Lawefficent2003,
  title={An efficient protocol for authenticated key agreement},
  author={Law, Laurie and Menezes, Alfred and Qu, Minghua and Solinas, Jerry and Vanstone, Scott},
  journal={Designs, Codes and Cryptography},
  volume={28},
  number={2},
  pages={119--134},
  year={2003},
  publisher={Springer}
}

@incollection{Lim1997key,
  title={A key recovery attack on discrete log-based schemes using a prime order subgroup},
  author={Lim, Chae Hoon and Lee, Pil Joong},
  booktitle={Advances in Cryptology -- CRYPTO'97},
  pages={249--263},
  year={1997},
  publisher={Springer}
}

@inproceedings{Lucky13alfardanpaterson,
  title={{Lucky Thirteen: Breaking the TLS and DTLS record protocols}},
  author={Al Fardan, Nadhem J and Paterson, Kenneth G},
  booktitle={Security and Privacy (SP), 2013 IEEE Symposium on},
  pages={526--540},
  year={2013},
  organization={IEEE}
}

@article{Magiclanternreport,
  title={{Magic Lantern} Revealed: A Report of the {FBI's} New Key Logging Trojan and Analysis of its Possible Treatment in a Dynamic Legal Landscape, The},
  author={Hartzog, Neal},
  journal={J. Marshall J. Computer and Info. L.},
  volume={20},
  pages={287},
  year={2001},
  publisher={HeinOnline}
}

@misc{MarvinGoogle2013,
  title={Google admits an Android crypto {PRNG} flaw led to {B}itcoin heist ({A}ugust 2013)},
  author={Marvin, Rob}
}

@inproceedings{MD5harmfultoday,
  title={{MD5 considered harmful today, creating a rogue CA certificate}},
  author={Sotirov, Alexander and Stevens, Marc and Appelbaum, Jacob and Lenstra, Arjen K and Molnar, David and Osvik, Dag Arne and de Weger, Benne},
  booktitle={25th Annual Chaos Communication Congress},
  number={EPFL-CONF-164547},
  year={2008}
}

@book{Menezes1996handbook,
  title={Handbook of applied cryptography},
  author={Menezes, Alfred J and Van Oorschodmgvt, Paul C and Vanstone, Scott A},
  year={1996},
  publisher={CRC press}
}

@incollection{Menezes2006importance,
  title={On the importance of public-key validation in the {MQV} and {HMQV} key agreement protocols},
  author={Menezes, Alfred and Ustaoglu, Berkant},
  booktitle={Progress in Cryptology-INDOCRYPT 2006},
  pages={133--147},
  year={2006},
  publisher={Springer}
}

@article{Menezes2007ALAHMQV,
  title={{Another look at HMQV}},
  author={Menezes, Alfred},
  journal={Mathematical Cryptology JMC},
  volume={1},
  number={1},
  pages={47--64},
  year={2007}
}

@article{MQVuksAttack2001,
  title={An unknown key-share attack on the {MQV} key agreement protocol},
  author={Kaliski Jr, Burton S},
  journal={ACM Transactions on Information and System Security (TISSEC)},
  volume={4},
  number={3},
  pages={275--288},
  year={2001},
  publisher={ACM}
}

@inproceedings{Moriyama2011leakage,
  title={{Leakage resilient eCK-secure key exchange protocol without random oracles}},
  author={Moriyama, Daisuke and Okamoto, Tatsuaki},
  booktitle={Proceedings of the 6th ACM Symposium on Information, Computer and Communications Security},
  pages={441--447},
  year={2011},
  organization={ACM}
}

@incollection{Morrisseymodular2008, title={A modular security analysis of the {TLS} handshake protocol},
  author={Morrissey, Paul and Smart, Nigel P and Warinschi, Bogdan},
  booktitle={Advances in Cryptology, ASIACRYPT 2008},
  pages={55--73},
  year={2008},
  publisher={Springer}
}

@incollection{PattersontagsizeTLS2011,
  title={Tag size does matter: Attacks and proofs for the {TLS} record protocol},
  author={Paterson, Kenneth G and Ristenpart, Thomas and Shrimpton, Thomas},
  booktitle={Advances in Cryptology, ASIACRYPT 2011},
  pages={372--389},
  year={2011},
  publisher={Springer}
}

@misc{MuellerPRNG,
  title={Debian {O}pen{SSL} predictable {PRNG} bruteforce {SSH} exploit, {M}ay 2008},
  author={Mueller, Markus}
}

@inproceedings{ORTwhynotPGP,
  title={{Off-the-record communication, or, why not to use PGP}},
  author={Borisov, Nikita and Goldberg, Ian and Brewer, Eric},
  booktitle={Proceedings of the 2004 ACM workshop on Privacy in the electronic society},
  pages={77--84},
  year={2004},
  organization={ACM}
}

@misc{Pondurl,
	title = {Pond},
	howpublished = {\url{https://pond.imperialviolet.org/}},
	urldate = {2015-06-22},
	author = {Langley, Adam},
	year = {2014}
}

@misc{POODLEMoller2014,
  title={This {POODLE} Bites: Exploiting The {SSL} 3.0 Fallback},
  author={M{\"o}ller, Bodo and Duong, Thai and Kotowicz, Krzysztof},
  year={2014}
}

@techreport{Rabinfirstprovablescheme,
  title={Digitalized signatures and public-key functions as intractable as factorization},
  author={Rabin, Michael O},
  year={1979},
  institution={DTIC Document}
}

@article{RSApaper1978,
  title={A method for obtaining digital signatures and public-key cryptosystems},
  author={Rivest, Ronald L and Shamir, Adi and Adleman, Len},
  journal={Communications of the ACM},
  volume={21},
  number={2},
  pages={120--126},
  year={1978},
  publisher={ACM}
}

@incollection{Sarr2010new,
  title={A new security model for authenticated key agreement},
  author={Sarr, Augustin P and Elbaz-Vincent, Philippe and Bajard, Jean-Claude},
  booktitle={Security and Cryptography for Networks},
  pages={219--234},
  year={2010},
  publisher={Springer}
}

@article{Schneiersurreptitiously,
  title={Surreptitiously Weakening Cryptographic Systems},
  author={Schneier, Bruce and Fredrikson, Matthew and Kohno, Tadayoshi and Ristenpart, Thomas},
  year={2015}
}

@article{Shoupgamesequences2004,
  title={Sequences of games: a tool for taming complexity in security proofs.},
  author={Shoup, Victor},
  journal={IACR Cryptology ePrint Archive},
  volume={2004},
  pages={332},
  year={2004}
}

@article{Shoupdeferredanalysis,
  title={{A Note on An Encryption Scheme of Kurosawa and Desmedt.}},
  author={Gennaro, Rosario and Shoup, Victor},
  journal={IACR Cryptology ePrint Archive},
  volume={2004},
  pages={194},
  year={2004}
}

@inproceedings{ShoupOAEP,
  title={OAEP reconsidered},
  author={Shoup, Victor},
  booktitle={Advances in Cryptology—CRYPTO 2001},
  pages={239--259},
  year={2001},
  organization={Springer}
}

@article{Stuxnetdossier,
  title={{W32. Stuxnet dossier}},
  author={Falliere, Nicolas and Murchu, Liam O and Chien, Eric},
  journal={White paper, Symantec Corp., Security Response},
  volume={5},
  year={2011}
}

@incollection{SymbolicAda,
  title={Soundness of formal encryption in the presence of key-cycles},
  author={Adao, Pedro and Bana, Gergei and Herzog, Jonathan and Scedrov, Andre},
  booktitle={Computer Security--ESORICS 2005},
  pages={374--396},
  year={2005},
  publisher={Springer}
}

@inproceedings{Symbolicswhreistrictions,
  title={Computational soundness without protocol restrictions},
  author={Backes, Michael and Malik, Ankit and Unruh, Dominique},
  booktitle={Proceedings of the 2012 ACM conference on Computer and communications security},
  pages={699--711},
  year={2012},
  organization={ACM}
}

@inproceedings{Symbolicequiv,
  title={Computational soundness of observational equivalence},
  author={Comon-Lundh, Hubert and Cortier, V{\'e}ronique},
  booktitle={Proceedings of the 15th ACM conference on Computer and communications security},
  pages={109--118},
  year={2008},
  organization={ACM}
}

@misc{tcpdumpwebsite,
  title = {{tcpdump} website},
  howpublished = {\url{http://www.tcpdump.org/}},
}

@techreport{Textsecurehowsecure,
  title={{How Secure is TextSecure?}},
  author={Frosch, Tilman and Mainka, Christian and Bader, Christoph and Bergsma, Florian and Schwenk, Joerg and Holz, Thorsten},
  institution={Cryptology ePrint Archive Report 2014/904, 2014. [Online]. Available: \url{https://eprint.iacr.org/2014/904}}
}

@inproceedings{TooraniOnContinuousLeakageResPointingOutProofError,
  title={On continuous after-the-fact leakage-resilient key exchange},
  author={Toorani, Mohsen},
  booktitle={Proceedings of the Second Workshop on Cryptography and Security in Computing Systems},
  pages={31},
  year={2015},
  organization={ACM}
}

@techreport{TorSecondGen,
  title={{Tor: The second-generation onion router}},
  author={Dingledine, Roger and Mathewson, Nick and Syverson, Paul},
  year={2004},
  institution={DTIC Document}
}

@inproceedings{TorFormalTreatment,
  title={{A formal treatment of onion routing}},
  author={Camenisch, Jan and Lysyanskaya, Anna},
  booktitle={Advances in cryptology--CRYPTO 2005},
  pages={169--187},
  year={2005},
  organization={Springer}
}

@inproceedings{TorBackesProvSecPracOR,
  title={{Provably secure and practical onion routing}},
  author={Backes, Michael and Goldberg, Ian and Kate, Aniket and Mohammadi, Esmaeil},
  booktitle={Computer Security Foundations Symposium (CSF), 2012 IEEE 25th},
  pages={369--385},
  year={2012},
  organization={IEEE}
}

@inproceedings{TorBackesAnoA,
  title={{AnoA: A framework for analyzing anonymous communication protocols}},
  author={Backes, Michael and Kate, Aniket and Manoharan, Praveen and Meiser, Sebastian and Mohammadi, Esmaeil},
  booktitle={Computer Security Foundations Symposium (CSF), 2013 IEEE 26th},
  pages={163--178},
  year={2013},
  organization={IEEE}
}

@inproceedings{TorBackesNothElseMaTORs,  title={{(Nothing else) MATor(s): Monitoring the Anonymity of Tor's Path Selection}},
  author={Backes, Michael and Kate, Aniket and Meiser, Sebastian and Mohammadi, Esfandiar},
  booktitle={Proceedings of the 2014 ACM SIGSAC Conference on Computer and Communications Security},
  pages={513--524},
  year={2014},
  organization={ACM}
}

@inproceedings{TriplehandshakeattackBhargavan2014,
  title={Triple handshakes and cookie cutters: Breaking and fixing authentication over {TLS}},
  author={Bhargavan, Karthikeyan and Lavaud, Antoine Delignat and Fournet, C{\'e}dric and Pironti, Alfredo and Strub, Pierre Yves},
  booktitle={Security and Privacy (SP), 2014 IEEE Symposium on},
  pages={98--113},
  year={2014},
  organization={IEEE}
}

@article{Wen2014one,
  title={One-Round Deniable Key Exchange with Perfect Forward Security.},
  author={Wen, Weiqiang and Wang, Libin and Xie, Min},
  journal={IACR Cryptology ePrint Archive},
  volume={2014},
  pages={661},
  year={2014}
}

@techreport{WilliamsonNSEfinitefield1974,
  title={Non--Secret encryption using a finite field},
  author={Williamson, Malcolm J},
  year={1974},
  institution={Technical report, CESG}
}

@techreport{WilliamsonthoughtsonNSE1976,
  title={Thoughts on cheaper Non--Secret encryption},
  author={Williamson, Malcolm J},
  year={1976},
  institution={Technical report, CESG}
}

@misc{Wiresharkwebpage,
  title = {{Wireshark} website},
  howpublished = {\url{https://www.wireshark.org/}},
}

@incollection{YangAKEbadrandomness,
  title={Authenticated key exchange under bad randomness},
  author={Yang, Guomin and Duan, Shanshan and Wong, Duncan S and Tan, Chik How and Wang, Huaxiong},
  booktitle={Financial Cryptography and Data Security},
  pages={113--126},
  year={2012},
  publisher={Springer}
}

@incollection{Yang2013leakage,
  title={Leakage resilient authenticated key exchange secure in the auxiliary input model},
  author={Yang, Guomin and Mu, Yi and Susilo, Willy and Wong, Duncan S},
  booktitle={Information Security Practice and Experience},
  pages={204--217},
  year={2013},
  publisher={Springer}
}

@book{ZimmermannPGPguide1995,
  title={{The official PGP user's guide}},
  author={Zimmermann, Philip R},
  year={1995},
  publisher={MIT press}
}

@misc{randomnessirtf,
  title={{Randomness Improvements for Security Protocols -- Revision 6}},
  author={C. Cremers and L. Garratt and S. Smyshlyaev and N. Sullivan
  	  and C. Wood},
  year={2018},
  note={\url{https://www.ietf.org/id/draft-irtf-cfrg-randomness-improvements-06.txt}},
}

@misc{hkdfrfc,
  title={{ HMAC-based Extract-and-Expand Key Derivation Function (HKDF)}},
  author={H. Krawczyk and P. Eronen},
  year={2010},
  note={\url{https://tools.ietf.org/html/rfc5869}},
}

@misc{ckdfirtf,
  title={{ CMAC-based Extract-and-Expand Key Derivation Function (CKDF)}},
  author={A. Langley},
  year={2015},
  note={\url{https://www.ietf.org/archive/id/draft-agl-ckdf-01.txt}},
}


